3152 4876
317 1237 520 1320 Hermanno
547 1237 747 1319 Fritnsohio
774 1239 898 1321 Julius
924 1237 1170 1322 Petnholdtus.

689 1429 789 1442 wvwvm

272 1533 447 1662 Tempore,
476 1601 535 1660 quo
559 1585 736 1660 Philologus
759 1587 811 1645 illc
833 1585 1031 1663 perillustris,
1061 1585 1090 1644 b.
1115 1583 1307 1646 Godofredus

184 1670 390 1747 Hermannus,
427 1687 474 1728 mc
517 1669 662 1730 societati
706 1671 840 1731 Graecae
873 1670 1024 1744 Lipsiensi
1054 1671 1231 1750 adscripsit,
1270 1689 1307 1730 ex

149 1805 155 1812 .
182 1760 338 1815 auctorum
370 1757 506 1815 veterum
534 1757 612 1815 serie
646 1755 840 1816 Theocritum
872 1755 943 1814 mihi
981 1756 1072 1832 elegi,
1109 1773 1196 1830 quem
1225 1773 1306 1815 more

184 1840 346 1899 societatis
375 1841 557 1900 illustrarem
586 1845 679 1916 atquc
713 1842 910 1902 emendarem.
934 1848 938 1854 '
963 1839 1057 1912 Quem
1086 1841 1125 1898 ad
1154 1841 1242 1901 finem
1271 1859 1308 1900 ex
1385 1859 1389 1878 ι’

125 1919 128 1928 ’
183 1926 295 1985 litteris
319 1925 522 2003 Theocriteis‚
556 1943 752 2002 quaecunque
782 1927 890 1986 studiis
923 1926 998 1984 meis
1028 1943 1063 1984 eo
1101 1927 1307 2003 spectantibus

183 2014 257 2086 apta
273 2014 303 2070 et
325 2011 480 2069 commoda
493 2011 683 2089 videbantur,
707 2030 743 2071 ea
764 2012 918 2087 acquirere
940 2011 1092 2070 constitui.
1136 2013 1202 2070 Hoc
1221 2011 1308 2070 modo

181 2097 340 2169 parvulam
370 2094 521 2171 quandam
543 2097 762 2156 Bibliothecam
785 2097 998 2156 Theocriteam
1026 2097 1097 2154 mihi
1125 2098 1308 2172 comparavi.

180 2181 301 2240 Relicta
324 2179 445 2256 quidem
468 2181 674 2250 Universitatc
699 2183 851 2258 Lipsiensi
880 2186 910 2241 et
933 2199 1054 2240 munere
1077 2180 1308 2241 bibliothecario

182 2265 318 2325 Dre'sdae
342 2273 482 2343 accepto,
512 2284 558 2325 me
582 2271 716 2326 coactum
740 2269 816 2340 vidi,
848 2271 881 2325 ut
908 2268 976 2345 ipsa
1004 2267 1106 2326 studia
1128 2267 1309 2326 Theocritea

183 2368 251 2410 mea
280 2352 377 2425 magis
405 2351 562 2426 magisque
593 2352 793 2429 negligerem;
825 2352 878 2412 sed
908 2354 1008 2429 pietas
1051 2352 1199 2427 quaedam
1237 2369 1310 2425 ergo

186 2435 299 2494 haecce
322 2435 421 2494 studia
439 2435 590 2510 juvenilia
612 2455 659 2496 me
682 2438 856 2515 impedivit,
885 2437 1042 2509 quominus
1065 2437 1327 2496 bibliotheculam‘

185 2539 280 2580 meam
309 2520 520 2580 Theocriteam
550 2522 742 2595 negligenter
768 2539 958 2598 reponerem,
990 2522 1106 2581 monuit
1133 2523 1235 2595 potius
1263 2539 1309 2580 me

185 2608 286 2682 pietas
302 2606 365 2684 illa,
385 2609 492 2664 utnon
510 2606 605 2665 solum
620 2609 782 2681 paululum,
800 2611 943 2682 quantum
959 2623 1089 2684 possem,
1104 2607 1310 2666 collectionem

187 2707 341 2769 augerem,
365 2691 418 2750 sed
443 2692 532 2750 etiam
556 2691 585 2749 in
607 2691 741 2750 ordinem
763 2693 901 2767 redigere
923 2700 1014 2766 atquc
1036 2693 1163 2750 indicem
1181 2693 1311 2751 omnium

61 2825 64 2832 .
187 2776 367 2850 scriptorum
390 2775 664 2850 bibliographicum
687 2776 833 2836 conficere
863 2777 1025 2838 studerem.
1071 2778 1158 2834 Hunc
1181 2777 1311 2836 indicem
1372 2801 1374 2806 v
1435 2817 1439 2826 .

187 2861 430 2931 cumslectorum,
455 2866 518 2920 tum
533 2861 662 2921 maxime
684 2862 714 2920 in
736 2863 831 2921 Tuam
848 2862 977 2936 gratiam
1000 2879 1077 2920 nunc
1095 2861 1174 2937 juris
1197 2861 1311 2937 publici

187 2947 246 3006 feci
275 2963 311 3004 eo
341 2946 480 3019 consilio,
511 2949 543 3005 ut
566 2947 706 3022 catalogo
729 2947 934 3006 Bibliothecae
957 2945 1156 3006 Theocritoae
1179 2947 1312 3024 criticae,

187 3048 277 3106 quam
314 3031 369 3090 abs
405 3032 448 3090 Tc
489 3032 601 3091 editum
638 3032 674 3091 iri
711 3033 892 3108 promisisti,
930 3032 1032 3106 aliqua
1069 3049 1104 3090 eo
1143 3033 1313 3104 spectantia

187 3114 420 3191 suppeditarem.
479 3115 619 3198 Attamen
658 3118 689 3175 in
722 3117 805 3176 hisce
838 3117 1004 3177 subsistere
1039 3116 1136 3193 nolui,
1173 3117 1242 3192 sed,
1279 3121 1312 3174 ut

147 3244 148 3248 ,
189 3201 359 3274 catalogum
396 3218 493 3260 meum
515 3199 727 3261 Theocriteum
757 3221 844 3278 quam
874 3200 1111 3278 copiosissimum
1146 3201 1313 3276 redderem,

191 3289 294 3360 aptum
316 3287 435 3364 putavi,
461 3286 570 3346 finibus
591 3286 794 3346 bibliothecae
817 3304 900 3346 meae
924 3285 1084 3362 excedere,
1107 3290 1197 3360 atque
1220 3285 1312 3344 indici

189 3388 255 3429 meo
277 3370 382 3430 titulos
399 3388 518 3447 quoquc
534 3372 662 3430 omnium
679 3372 852 3432 adscribere
867 3371 1045 3445 scriptorum
1057 3369 1313 3446 Theocriteorum,

189 3473 266 3531 quae
289 3456 426 3515 Drasdea
457 3461 487 3516 et
516 3457 547 3516 in
576 3456 760 3518 bibliotheca
786 3457 909 3529 publica
930 3457 1044 3530 Regia,
1083 3464 1113 3514 et
1140 3457 1171 3514 in
1194 3452 1312 3514 scriniis

190 3539 315 3599 Henrici
338 3541 471 3618 Dittrici,
495 3558 513 3599 a
536 3542 662 3602 secretis
684 3541 886 3602 bibliothecae
902 3541 1028 3601 Joanuis
1043 3541 1137 3615 Regis
1154 3541 1313 3617 Senoniae,

189 3626 278 3686 amici
298 3627 374 3703 mei,
411 3630 615 3685 asservantur.
660 3627 825 3686 Praeterea
852 3628 991 3702 catalogo
1020 3625 1069 3684 hic
1091 3626 1154 3685 illic
1177 3625 1314 3683 notitiam

189 3716 355 3789 auctorum,
379 3711 430 3786 qui
450 3713 500 3770 vel
521 3711 558 3770 de
581 3713 707 3772 raritate
731 3713 780 3772 vel
804 3712 909 3771 critica
940 3713 1105 3771 auctoriate
1130 3711 1314 3784 singularum

158 3815 162 3824 ·
191 3796 356 3855 editionum
380 3797 576 3872 scripserunt.
599 3799 769 3874 brevesque
792 3799 878 3858 notas
900 3798 1018 3856 criticas
1043 3794 1155 3855 addidi.

611 3960 891 4049 Bibliogrophica.

190 4101 312 4172 Brunet‚
335 4103 363 4164 J.
386 4103 451 4182 ch,
473 4103 595 4164 Manucl
619 4103 658 4164 du
681 4104 820 4164 Libraire
845 4106 875 4164 et
898 4102 935 4162 de
958 4100 1123 4162 l’hmateur
1146 4102 1183 4162 de
1198 4101 1315 4163 Livres.

234 4189 270 4248 V.
294 4187 427 4248 Edition.
466 4189 542 4246 Tom
566 4189 601 4250 V.
640 4189 737 4260 Paris,
761 4190 856 4249 Didot
879 4187 983 4263 freres,
1005 4187 1053 4247 fils
1077 4193 1106 4247 et
1130 4185 1192 4246 oie.
1225 4189 1314 4248 1864.

233 4271 308 4334 Lex.
333 4274 378 4333 8⁰.
424 4273 480 4332 col.
506 4276 662 4335 uuo-86.
1074 4353 1112 4405 1*
